<record><leader>00000cas a2200000 a 4500</leader><controlfield tag="001">49215612</controlfield><controlfield tag="008">020228d193119uucauwr ne      0    0spa c</controlfield><datafield ind1=" " ind2=" " tag="010"><subfield code="a">sn2001060588</subfield></datafield><datafield ind1=" " ind2=" " tag="040"><subfield code="a">CNK</subfield><subfield code="b">eng</subfield><subfield code="c">CNK</subfield><subfield code="d">OCLCQ</subfield><subfield code="d">OCLCO</subfield></datafield><datafield ind1="1" ind2=" " tag="029"><subfield code="a">AU@</subfield><subfield code="b">000023396750</subfield></datafield><datafield ind1=" " ind2=" " tag="042"><subfield code="a">pcc</subfield></datafield><datafield ind1=" " ind2=" " tag="043"><subfield code="a">n-us-ca</subfield></datafield><datafield ind1="0" ind2="3" tag="245"><subfield code="a">La voz de la colonia y la voz del pueblo.</subfield></datafield><datafield ind1="1" ind2="7" tag="246"><subfield code="a">Voz de la colonia</subfield><subfield code="f">Nov. 6, 1931-&lt;Dec. 2, 1932&gt;</subfield></datafield><datafield ind1=" " ind2=" " tag="260"><subfield code="a">Santa Paula, Calif. :</subfield><subfield code="b">Manuel A. Reyes</subfield></datafield><datafield ind1=" " ind2=" " tag="300"><subfield code="a">v.</subfield></datafield><datafield ind1=" " ind2=" " tag="310"><subfield code="a">Weekly</subfield></datafield><datafield ind1="0" ind2=" " tag="362"><subfield code="a">Vol. 8, num. 3 (6 de Nov. 1931)-</subfield></datafield><datafield ind1=" " ind2=" " tag="500"><subfield code="a">"An independent Spanish publication serving the interest of the Mexican people, and all the merchants in general."</subfield></datafield><datafield ind1=" " ind2=" " tag="546"><subfield code="a">In Spanish.</subfield></datafield><datafield ind1=" " ind2="0" tag="650"><subfield code="a">Mexican Americans (Calif.)</subfield><subfield code="v">Newspapers.</subfield></datafield><datafield ind1=" " ind2="0" tag="651"><subfield code="a">Santa Paula (Calif.)</subfield><subfield code="v">Newspapers.</subfield></datafield><datafield ind1=" " ind2=" " tag="752"><subfield code="a">United States</subfield><subfield code="b">California</subfield><subfield code="c">Ventura</subfield><subfield code="d">Santa Paula.</subfield></datafield><datafield ind1="0" ind2="0" tag="780"><subfield code="t">Voz de la colonia</subfield><subfield code="w">(DLC)sn2001060587</subfield></datafield></record>